@inproceedings{conf/oopsla/2007,
  author    = {Bassem Elkarablieh and
               Sarfraz Khurshid and
               Duy Vu and
               Kathryn S. McKinley},
  title     = {Starc: static analysis for efficient repair of complex data.},
  booktitle = {Proceedings of the 22nd Annual {ACM} {SIGPLAN} Conference on
Object-Oriented
               Programming, Systems, Languages, and Applications, {OOPSLA} 2007,
               October 21-25, 2007, Montreal, Quebec, Canada},
  year      = {2007},
  pages     = {387--404},
  url       = {http://doi.acm.org/10.1145/1297027.1297056},
  doi       = {10.1145/1297027.1297056},
  timestamp = {Wed, 03 Sep 2014 11:44:20 +0200},
  biburl    = {http://dblp.uni-trier.de/rec/bib/conf/oopsla/ElkarabliehKVM07},
  bibsource = {dblp computer science bibliography, http://dblp.org}
}

@inproceedings{conf/gecco/2009g,
  author    = {Stephanie Forrest and
               ThanhVu Nguyen and
               Westley Weimer and
               Claire Le Goues},
  title     = {A genetic programming approach to automated software repair.},
  booktitle = {Genetic and Evolutionary Computation Conference, {GECCO} 2009,
Proceedings,
               Montreal, Qu\'{e}bec, Canada, July 8-12, 2009},
  year      = {2009},
  pages     = {947--954},
  url       = {http://doi.acm.org/10.1145/1569901.1570031},
  doi       = {10.1145/1569901.1570031},
  timestamp = {Wed, 03 Sep 2014 11:46:42 +0200},
  biburl    = {http://dblp.uni-trier.de/rec/bib/conf/gecco/ForrestNWG09},
  bibsource = {dblp computer science bibliography, http://dblp.org}
}

@inproceedings{Korat,
  author    = {Chandrasekhar Boyapati and
               Sarfraz Khurshid and
               Darko Marinov},
  title     = {Korat: automated testing based on Java predicates.},
  booktitle = {{ISSTA}},
  year      = {2002},
  pages     = {123--133},
  url       = {http://doi.acm.org/10.1145/566172.566191},
  doi       = {10.1145/566172.566191},
  timestamp = {Wed, 03 Sep 2014 11:48:02 +0200},
  biburl    = {http://dblp.uni-trier.de/rec/bib/conf/issta/BoyapatiKM02},
  bibsource = {dblp computer science bibliography, http://dblp.org}
}

@article{DBLP:journals/cacm/WeimerFGN10,
  author    = {Westley Weimer and
               Stephanie Forrest and
               Claire Le Goues and
               ThanhVu Nguyen},
  title     = {Automatic program repair with evolutionary computation.},
  journal   = {Commun. {ACM}},
  year      = {2010},
  volume    = {53},
  number    = {5},
  pages     = {109--116},
  url       = {http://doi.acm.org/10.1145/1735223.1735249},
  doi       = {10.1145/1735223.1735249},
  timestamp = {Wed, 03 Sep 2014 11:49:18 +0200},
  biburl    = {http://dblp.uni-trier.de/rec/bib/journals/cacm/WeimerFGN10},
  bibsource = {dblp computer science bibliography, http://dblp.org}
}

@article{DBLP:journals/sttt/HavelundP00,
  author    = {Klaus Havelund and
               Thomas Pressburger},
  title     = {Model Checking {JAVA} Programs using {JAVA} PathFinder.},
  journal   = {{STTT}},
  year      = {2000},
  volume    = {2},
  number    = {4},
  pages     = {366--381},
  url       = {http://dx.doi.org/10.1007/s100090050043},
  doi       = {10.1007/s100090050043},
  timestamp = {Wed, 03 Sep 2014 11:51:38 +0200},
  biburl    = {http://dblp.uni-trier.de/rec/bib/journals/sttt/HavelundP00},
  bibsource = {dblp computer science bibliography, http://dblp.org}
}

@inproceedings{conf/oopsla/LogozzoB12,
  author    = {Francesco Logozzo and
               Thomas Ball},
  title     = {Modular and verified automatic program repair.},
  booktitle = {Proceedings of the 27th Annual {ACM} {SIGPLAN} Conference on
Object-Oriented
               Programming, Systems, Languages, and Applications, {OOPSLA} 2012,
               part of {SPLASH} 2012, Tucson, AZ, USA, October 21-25, 2012},
  year      = {2012},
  pages     = {133--146},
  crossref  = {DBLP:conf/oopsla/2012},
  url       = {http://doi.acm.org/10.1145/2384616.2384626},
  doi       = {10.1145/2384616.2384626},
  timestamp = {Wed, 03 Sep 2014 11:52:33 +0200},
  biburl    = {http://dblp.uni-trier.de/rec/bib/conf/oopsla/LogozzoB12},
  bibsource = {dblp computer science bibliography, http://dblp.org}
}

@proceedings{DBLP:conf/oopsla/2012,
  editor    = {Gary T. Leavens and
               Matthew B. Dwyer},
  title     = {Proceedings of the 27th Annual {ACM} {SIGPLAN} Conference on
Object-Oriented
               Programming, Systems, Languages, and Applications, {OOPSLA} 2012,
               part of {SPLASH} 2012, Tucson, AZ, USA, October 21-25, 2012},
  year      = {2012},
  publisher = {{ACM}},
  url       = {http://dl.acm.org/citation.cfm?id=2384616},
  isbn      = {978-1-4503-1561-6},
  timestamp = {Wed, 03 Sep 2014 11:52:33 +0200},
  biburl    = {http://dblp.uni-trier.de/rec/bib/conf/oopsla/2012},
  bibsource = {dblp computer science bibliography, http://dblp.org}
}


@inproceedings{conf/sp/GovindavajhalaA03,
  author    = {Sudhakar Govindavajhala and
               Andrew W. Appel},
  title     = {Using Memory Errors to Attack a Virtual Machine.},
  booktitle = {2003 {IEEE} Symposium on Security and Privacy (S\&P 2003), 11-14
               May 2003, Berkeley, CA, {USA}},
  year      = {2003},
  pages     = {154--165},
  crossref  = {DBLP:conf/sp/2003},
  url       = {http://doi.ieeecomputersociety.org/10.1109/SECPRI.2003.1199334},
  doi       = {10.1109/SECPRI.2003.1199334},
  timestamp = {Wed, 03 Sep 2014 11:53:21 +0200},
  biburl    = {http://dblp.uni-trier.de/rec/bib/conf/sp/GovindavajhalaA03},
  bibsource = {dblp computer science bibliography, http://dblp.org}
}

@proceedings{DBLP:conf/sp/2003,
  title     = {2003 {IEEE} Symposium on Security and Privacy (S\&P 2003), 11-14
               May 2003, Berkeley, CA, {USA}},
  year      = {2003},
  publisher = {{IEEE} Computer Society},
  isbn      = {0-7695-1940-7},
  timestamp = {Wed, 03 Sep 2014 11:53:21 +0200},
  biburl    = {http://dblp.uni-trier.de/rec/bib/conf/sp/2003},
  bibsource = {dblp computer science bibliography, http://dblp.org}
}


@inproceedings{conf/pldi/LongSR14,
  author    = {Fan Long and
               Stelios {Sidiroglou-Douskos} and
               Martin C. Rinard},
  title     = {Automatic runtime error repair and containment via recovery
shepherding.},
  booktitle = {{ACM} {SIGPLAN} Conference on Programming Language Design and
Implementation,
               {PLDI} '14, Edinburgh, United Kingdom - June 09 - 11, 2014},
  year      = {2014},
  pages     = {26},
  crossref  = {DBLP:conf/pldi/2014},
  url       = {http://doi.acm.org/10.1145/2594291.2594337},
  doi       = {10.1145/2594291.2594337},
  timestamp = {Wed, 03 Sep 2014 11:54:31 +0200},
  biburl    = {http://dblp.uni-trier.de/rec/bib/conf/pldi/LongSR14},
  bibsource = {dblp computer science bibliography, http://dblp.org}
}

@proceedings{DBLP:conf/pldi/2014,
  editor    = {Michael F. P. O'Boyle and
               Keshav Pingali},
  title     = {{ACM} {SIGPLAN} Conference on Programming Language Design and
Implementation,
               {PLDI} '14, Edinburgh, United Kingdom - June 09 - 11, 2014},
  year      = {2014},
  publisher = {{ACM}},
  url       = {http://dl.acm.org/citation.cfm?id=2594291},
  isbn      = {978-1-4503-2784-8},
  timestamp = {Wed, 03 Sep 2014 11:54:31 +0200},
  biburl    = {http://dblp.uni-trier.de/rec/bib/conf/pldi/2014},
  bibsource = {dblp computer science bibliography, http://dblp.org}
}

@INPROCEEDINGS{Demsky03automaticdata,
    author = {Brian Demsky and Martin Rinard},
    title = {Automatic Data Structure Repair for Self-Healing Systems},
    booktitle = {In Proceedings of the 1 st Workshop on Algorithms and
Architectures for Self-Managing Systems},
    year = {2003}
}

@inproceedings{conf/oopsla/DemskyR03,
  author    = {Brian Demsky and
               Martin C. Rinard},
  title     = {Automatic detection and repair of errors in data structures.},
  booktitle = {Proceedings of the 2003 {ACM} {SIGPLAN} Conference on
Object-Oriented
               Programming Systems, Languages and Applications, {OOPSLA} 2003,
October
               26-30, 2003, Anaheim, CA, {USA}},
  year      = {2003},
  pages     = {78--95},
  crossref  = {DBLP:conf/oopsla/2003p},
  url       = {http://doi.acm.org/10.1145/949305.949314},
  doi       = {10.1145/949305.949314},
  timestamp = {Wed, 03 Sep 2014 14:48:19 +0200},
  biburl    = {http://dblp.uni-trier.de/rec/bib/conf/oopsla/DemskyR03},
  bibsource = {dblp computer science bibliography, http://dblp.org}
}

@proceedings{DBLP:conf/oopsla/2003p,
  editor    = {Ron Crocker and
               Guy L. Steele Jr.},
  title     = {Proceedings of the 2003 {ACM} {SIGPLAN} Conference on
Object-Oriented
               Programming Systems, Languages and Applications, {OOPSLA} 2003,
October
               26-30, 2003, Anaheim, CA, {USA}},
  year      = {2003},
  publisher = {{ACM}},
  isbn      = {1-58113-712-5},
  timestamp = {Wed, 03 Sep 2014 14:48:19 +0200},
  biburl    = {http://dblp.uni-trier.de/rec/bib/conf/oopsla/2003p},
  bibsource = {dblp computer science bibliography, http://dblp.org}
}

@article{DBLP:journals/dagstuhl-reports/PezzeRWZ11,
  author    = {Mauro Pezz\`{e} and
               Martin C. Rinard and
               Westley Weimer and
               Andreas Zeller},
  title     = {Self-Repairing Programs (Dagstuhl Seminar 11062).},
  journal   = {Dagstuhl Reports},
  year      = {2011},
  volume    = {1},
  number    = {2},
  pages     = {16--29},
  url       = {http://dx.doi.org/10.4230/DagRep.1.2.16},
  doi       = {10.4230/DagRep.1.2.16},
  timestamp = {Wed, 03 Sep 2014 14:49:29 +0200},
  biburl    =
{http://dblp.uni-trier.de/rec/bib/journals/dagstuhl-reports/PezzeRWZ11},
  bibsource = {dblp computer science bibliography, http://dblp.org}
}

@inproceedings{conf/icse/DemskyR05,
  author    = {Brian Demsky and
               Martin C. Rinard},
  title     = {Data structure repair using goal-directed reasoning.},
  booktitle = {27th International Conference on Software Engineering {(ICSE}
2005),
               15-21 May 2005, St. Louis, Missouri, {USA}},
  year      = {2005},
  pages     = {176--185},
  crossref  = {DBLP:conf/icse/2005},
  url       = {http://doi.acm.org/10.1145/1062455.1062499},
  doi       = {10.1145/1062455.1062499},
  timestamp = {Wed, 03 Sep 2014 14:42:10 +0200},
  biburl    = {http://dblp.uni-trier.de/rec/bib/conf/icse/DemskyR05},
  bibsource = {dblp computer science bibliography, http://dblp.org}
}

@proceedings{DBLP:conf/icse/2005,
  editor    = {{Gruia-Catalin} Roman and
               William G. Griswold and
               Bashar Nuseibeh},
  title     = {27th International Conference on Software Engineering {(ICSE}
2005),
               15-21 May 2005, St. Louis, Missouri, {USA}},
  year      = {2005},
  publisher = {{ACM}},
  timestamp = {Wed, 03 Sep 2014 14:42:10 +0200},
  biburl    = {http://dblp.uni-trier.de/rec/bib/conf/icse/2005},
  bibsource = {dblp computer science bibliography, http://dblp.org}
}

@inproceedings{conf/issre/DemskyR03,
  author    = {Brian Demsky and
               Martin C. Rinard},
  title     = {Static Specification Analysis for Termination of
Specification-Based
               Data Structure Repair.},
  booktitle = {14th International Symposium on Software Reliability Engineering
{(ISSRE}
               2003), 17-20 November 2003, Denver, CO, {USA}},
  year      = {2003},
  pages     = {71--84},
  crossref  = {DBLP:conf/issre/2003},
  url       = {http://doi.ieeecomputersociety.org/10.1109/ISSRE.2003.1251032},
  doi       = {10.1109/ISSRE.2003.1251032},
  timestamp = {Wed, 03 Sep 2014 14:43:32 +0200},
  biburl    = {http://dblp.uni-trier.de/rec/bib/conf/issre/DemskyR03},
  bibsource = {dblp computer science bibliography, http://dblp.org}
}

@proceedings{DBLP:conf/issre/2003,
  title     = {14th International Symposium on Software Reliability Engineering
{(ISSRE}
               2003), 17-20 November 2003, Denver, CO, {USA}},
  year      = {2003},
  publisher = {{IEEE} Computer Society},
  isbn      = {0-7695-2007-3},
  timestamp = {Wed, 03 Sep 2014 14:43:32 +0200},
  biburl    = {http://dblp.uni-trier.de/rec/bib/conf/issre/2003},
  bibsource = {dblp computer science bibliography, http://dblp.org}
}

@inproceedings{conf/sosp/PerkinsKLABCPSSSWZER09,
  author    = {Jeff H. Perkins and
               Sunghun Kim and
               Samuel Larsen and
               Saman P. Amarasinghe and
               Jonathan Bachrach and
               Michael Carbin and
               Carlos Pacheco and
               Frank Sherwood and
               Stelios Sidiroglou and
               Greg Sullivan and
               {Weng-Fai} Wong and
               Yoav Zibin and
               Michael D. Ernst and
               Martin C. Rinard},
  title     = {Automatically patching errors in deployed software.},
  booktitle = {Proceedings of the 22nd {ACM} Symposium on Operating Systems
Principles 2009, {SOSP} 2009, Big Sky, Montana, USA, October 11-14, 2009},
  year      = {2009},
  pages     = {87--102},
  crossref  = {DBLP:conf/sosp/2009},
  url       = {http://doi.acm.org/10.1145/1629575.1629585},
  doi       = {10.1145/1629575.1629585},
  timestamp = {Wed, 03 Sep 2014 19:51:36 +0200},
  biburl    =
{http://dblp.uni-trier.de/rec/bib/conf/sosp/PerkinsKLABCPSSSWZER09},
  bibsource = {dblp computer science bibliography, http://dblp.org}
}

@proceedings{DBLP:conf/sosp/2009,
  editor    = {Jeanna Neefe Matthews and
               Thomas E. Anderson},
  title     = {Proceedings of the 22nd {ACM} Symposium on Operating Systems
Principles
               2009, {SOSP} 2009, Big Sky, Montana, USA, October 11-14, 2009},
  year      = {2009},
  publisher = {{ACM}},
  isbn      = {978-1-60558-752-3},
  timestamp = {Wed, 03 Sep 2014 19:51:36 +0200},
  biburl    = {http://dblp.uni-trier.de/rec/bib/conf/sosp/2009},
  bibsource = {dblp computer science bibliography, http://dblp.org}
}

@inproceedings{conf/issta/DemskyEGMPR06,
  author    = {Brian Demsky and
               Michael D. Ernst and
               Philip J. Guo and
               Stephen McCamant and
               Jeff H. Perkins and
               Martin C. Rinard},
  title     = {Inference and enforcement of data structure consistency
specifications.},
  booktitle = {Proceedings of the {ACM/SIGSOFT} International Symposium on
Software
               Testing and Analysis, {ISSTA} 2006, Portland, Maine, USA, July
17-20,
               2006},
  year      = {2006},
  pages     = {233--244},
  crossref  = {DBLP:conf/issta/2006},
  url       = {http://doi.acm.org/10.1145/1146238.1146266},
  doi       = {10.1145/1146238.1146266},
  timestamp = {Wed, 03 Sep 2014 19:51:56 +0200},
  biburl    = {http://dblp.uni-trier.de/rec/bib/conf/issta/DemskyEGMPR06},
  bibsource = {dblp computer science bibliography, http://dblp.org}
}

@proceedings{DBLP:conf/issta/2006,
  editor    = {Lori L. Pollock and
               Mauro Pezz\`{e}},
  title     = {Proceedings of the {ACM/SIGSOFT} International Symposium on
Software
               Testing and Analysis, {ISSTA} 2006, Portland, Maine, USA, July
17-20,
               2006},
  year      = {2006},
  publisher = {{ACM}},
  isbn      = {1-59593-263-1},
  timestamp = {Wed, 03 Sep 2014 19:51:56 +0200},
  biburl    = {http://dblp.uni-trier.de/rec/bib/conf/issta/2006},
  bibsource = {dblp computer science bibliography, http://dblp.org}
}


@inproceedings{conf/icse/Bodden10,
  author    = {Eric Bodden},
  title     = {Efficient hybrid typestate analysis by determining
continuation-equivalent
               states.},
  booktitle = {Proceedings of the 32nd {ACM/IEEE} International Conference on
Software
               Engineering - Volume 1, {ICSE} 2010, Cape Town, South Africa, 1-8
               May 2010},
  year      = {2010},
  pages     = {5--14},
  crossref  = {DBLP:conf/icse/2010-1},
  url       = {http://doi.acm.org/10.1145/1806799.1806805},
  doi       = {10.1145/1806799.1806805},
  timestamp = {Wed, 03 Sep 2014 11:56:57 +0200},
  biburl    = {http://dblp.uni-trier.de/rec/bib/conf/icse/Bodden10},
  bibsource = {dblp computer science bibliography, http://dblp.org}
}

@proceedings{DBLP:conf/icse/2010-1,
  editor    = {Jeff Kramer and
               Judith Bishop and
               Premkumar T. Devanbu and
               Sebasti\`{a}n Uchitel},
  title     = {Proceedings of the 32nd {ACM/IEEE} International Conference on
Software
               Engineering - Volume 1, {ICSE} 2010, Cape Town, South Africa, 1-8
               May 2010},
  year      = {2010},
  publisher = {{ACM}},
  isbn      = {978-1-60558-719-6},
  timestamp = {Wed, 03 Sep 2014 11:56:57 +0200},
  biburl    = {http://dblp.uni-trier.de/rec/bib/conf/icse/2010-1},
  bibsource = {dblp computer science bibliography, http://dblp.org}
}

@inproceedings{conf/pldi/EomD12,
  author    = {Yong Hun Eom and
               Brian Demsky},
  title     = {Self-stabilizing Java.},
  booktitle = {{ACM} {SIGPLAN} Conference on Programming Language Design and
Implementation,
               {PLDI} '12, Beijing, China - June 11 - 16, 2012},
  year      = {2012},
  pages     = {287--298},
  crossref  = {DBLP:conf/pldi/2012},
  url       = {http://doi.acm.org/10.1145/2254064.2254099},
  doi       = {10.1145/2254064.2254099},
  timestamp = {Wed, 03 Sep 2014 11:57:52 +0200},
  biburl    = {http://dblp.uni-trier.de/rec/bib/conf/pldi/EomD12},
  bibsource = {dblp computer science bibliography, http://dblp.org}
}

@proceedings{DBLP:conf/pldi/2012,
  editor    = {Jan Vitek and
               Haibo Lin and
               Frank Tip},
  title     = {{ACM} {SIGPLAN} Conference on Programming Language Design and
Implementation,
               {PLDI} '12, Beijing, China - June 11 - 16, 2012},
  year      = {2012},
  publisher = {{ACM}},
  url       = {http://dl.acm.org/citation.cfm?id=2254064},
  isbn      = {978-1-4503-1205-9},
  timestamp = {Wed, 03 Sep 2014 11:57:52 +0200},
  biburl    = {http://dblp.uni-trier.de/rec/bib/conf/pldi/2012},
  bibsource = {dblp computer science bibliography, http://dblp.org}
}

@article{DBLP:journals/scp/ErnstPGMPTX07,
  author    = {Michael D. Ernst and
               Jeff H. Perkins and
               Philip J. Guo and
               Stephen McCamant and
               Carlos Pacheco and
               Matthew S. Tschantz and
               Chen Xiao},
  title     = {The Daikon system for dynamic detection of likely invariants.},
  journal   = {Sci. Comput. Program.},
  year      = {2007},
  volume    = {69},
  number    = {1-3},
  pages     = {35--45},
  url       = {http://dx.doi.org/10.1016/j.scico.2007.01.015},
  doi       = {10.1016/j.scico.2007.01.015},
  timestamp = {Wed, 03 Sep 2014 19:59:06 +0200},
  biburl    = {http://dblp.uni-trier.de/rec/bib/journals/scp/ErnstPGMPTX07},
  bibsource = {dblp computer science bibliography, http://dblp.org}
}

@inproceedings{conf/woss/GeorgeED02,
  author    = {Selvin George and
               David Evans and
               Lance Davidson},
  title     = {A biologically inspired programming model for self-healing
systems},
  booktitle = {Proceedings of the First Workshop on Self-Healing Systems, {WOSS}
               2002, Charleston, South Carolina, USA, November 18-19, 2002},
  year      = {2002},
  pages     = {102--104},
  crossref  = {DBLP:conf/woss/2002},
  url       = {http://doi.acm.org/10.1145/582128.582149},
  doi       = {10.1145/582128.582149},
  timestamp = {Thu, 04 Sep 2014 23:05:16 +0200},
  biburl    = {http://dblp.uni-trier.de/rec/bib/conf/woss/GeorgeED02},
  bibsource = {dblp computer science bibliography, http://dblp.org}
}

@inproceedings{conf/woss/DashofyHT02,
  author    = {Eric M. Dashofy and
               Andr\'{e} van der Hoek and
               Richard N. Taylor},
  title     = {Towards architecture-based self-healing systems},
  booktitle = {Proceedings of the First Workshop on Self-Healing Systems, {WOSS}
               2002, Charleston, South Carolina, USA, November 18-19, 2002},
  year      = {2002},
  pages     = {21--26},
  crossref  = {DBLP:conf/woss/2002},
  url       = {http://doi.acm.org/10.1145/582128.582133},
  doi       = {10.1145/582128.582133},
  timestamp = {Thu, 04 Sep 2014 23:06:08 +0200},
  biburl    = {http://dblp.uni-trier.de/rec/bib/conf/woss/DashofyHT02},
  bibsource = {dblp computer science bibliography, http://dblp.org}
}

@inproceedings{conf/ecbs/LiuZJRS08,
  author    = {Yan Liu and
               Jing Zhang and
               Michael Jiang and
               David Raymer and
               John Strassner},
  title     = {A Case Study: {A} Model-Based Approach to Retrofit a Network
Fault
               Management System with Self-Healing Functionality},
  booktitle = {15th Annual {IEEE} International Conference and Workshop on
Engineering
               of Computer Based Systems {(ECBS} 2008), 31 March - 4 April 2008,
               Belfast, Northern Ireland},
  year      = {2008},
  pages     = {9--18},
  crossref  = {DBLP:conf/ecbs/2008},
  url       = {http://doi.ieeecomputersociety.org/10.1109/ECBS.2008.30},
  doi       = {10.1109/ECBS.2008.30},
  timestamp = {Thu, 04 Sep 2014 23:07:40 +0200},
  biburl    = {http://dblp.uni-trier.de/rec/bib/conf/ecbs/LiuZJRS08},
  bibsource = {dblp computer science bibliography, http://dblp.org}
}

@proceedings{DBLP:conf/ecbs/2008,
  title     = {15th Annual {IEEE} International Conference and Workshop on
Engineering
               of Computer Based Systems {(ECBS} 2008), 31 March - 4 April 2008,
               Belfast, Northern Ireland},
  year      = {2008},
  publisher = {{IEEE} Computer Society},
  timestamp = {Thu, 04 Sep 2014 23:07:40 +0200},
  biburl    = {http://dblp.uni-trier.de/rec/bib/conf/ecbs/2008},
  bibsource = {dblp computer science bibliography, http://dblp.org}
}

@inproceedings{conf/woss/GarlanS02,
  author    = {David Garlan and
               Bradley R. Schmerl},
  title     = {Model-based adaptation for self-healing systems},
  booktitle = {Proceedings of the First Workshop on Self-Healing Systems, {WOSS}
               2002, Charleston, South Carolina, USA, November 18-19, 2002},
  year      = {2002},
  pages     = {27--32},
  crossref  = {DBLP:conf/woss/2002},
  url       = {http://doi.acm.org/10.1145/582128.582134},
  doi       = {10.1145/582128.582134},
  timestamp = {Thu, 04 Sep 2014 23:08:23 +0200},
  biburl    = {http://dblp.uni-trier.de/rec/bib/conf/woss/GarlanS02},
  bibsource = {dblp computer science bibliography, http://dblp.org}
}

@proceedings{DBLP:conf/woss/2002,
  editor    = {David Garlan and
               Jeff Kramer and
               Alexander L. Wolf},
  title     = {Proceedings of the First Workshop on Self-Healing Systems, {WOSS}
               2002, Charleston, South Carolina, USA, November 18-19, 2002},
  year      = {2002},
  publisher = {{ACM}},
  isbn      = {1-58113-609-9},
  timestamp = {Thu, 04 Sep 2014 23:08:23 +0200},
  biburl    = {http://dblp.uni-trier.de/rec/bib/conf/woss/2002},
  bibsource = {dblp computer science bibliography, http://dblp.org}
}

@article{DBLP:journals/dss/GhoshSRU07,
  author    = {Debanjan Ghosh and
               Raj Sharman and
               H. Raghav Rao and
               Shambhu J. Upadhyaya},
  title     = {Self-healing systems - survey and synthesis},
  journal   = {Decision Support Systems},
  year      = {2007},
  volume    = {42},
  number    = {4},
  pages     = {2164--2185},
  url       = {http://dx.doi.org/10.1016/j.dss.2006.06.011},
  doi       = {10.1016/j.dss.2006.06.011},
  timestamp = {Thu, 04 Sep 2014 23:10:18 +0200},
  biburl    = {http://dblp.uni-trier.de/rec/bib/journals/dss/GhoshSRU07},
  bibsource = {dblp computer science bibliography, http://dblp.org}
}

%%%%%%%%%%%%
%links

@misc{JavaException,
  author = {Oracle},
  title = {{Oracle Java Documentation} What is an exception?},
  howpublished  = "\url{http://docs.oracle.com/javase/tutorial/essential/exceptions/definition.html}",
}

@misc{RuntimeException,
  author = {Oracle},
  title = {{Oracle Java Documentation} Run timeException (Java Platform SE 7)},
  howpublished  = "\url{http://docs.oracle.com/javase/7/docs/api/java/lang/RuntimeException.html}",
}

@misc{JavaError,
  author = {Oracle},
  title = {{Oracle Java Documentation} Error (Java Platform SE 6)},
  howpublished  = "\url{http://docs.oracle.com/javase/6/docs/api/java/lang/Error.html}",
}

@misc{Ship,
  author = {Wired},
  title = {Sunk by Windows NT},
  howpublished  = "\url{http://archive.wired.com/science/discoveries/news/1998/07/13987}",
}

@misc{LAATC,
  author = {IEEE, Spectrum},
  title = {{IEEE Spectrum - }Lost Radio Contact Leaves Pilots On Their Own Communications error wreaks havoc in the Los Angeles air control system},
  howpublished  = "\url{http://spectrum.ieee.org/aerospace/aviation/lost-radio-contact-leaves-pilots-on-their-own}",
  year = {2004}
}

%%%%%%%%%%%%%%%%%%%%%%%%%%%%%%%%%%%%%%%%%%%%%%%%%%%%
%stackoverflow data dump

@misc{stackoverflow,
  author = {StackOverflow},
  title = {Stack Exchange Data Dump : Stack Exchange, Inc. : Free Download \& Streaming : Internet Archive},
  howpublished  = "\url{https://archive.org/details/stackexchange}",
  year = {2013}
}


%%%%%%%%%%%%%%%%%%%%%%%%%%%%%%%%%%%%%%%%%%%%%%%%%%%%
%soot and soot infoFlow
@misc{soot,
  author = {Soot},
  title = {Soot: a Java Optimization Framework},
  howpublished  = "\url{http://www.sable.mcgill.ca/soot/}",
}

@misc{infoflow,
  author = {Soot-infoflow},
  title = {secure-software-engineering/soot-infoflow},
  howpublished  = "\url{https://github.com/secure-software-engineering/soot-infoflow}",
}

%%%%%%%%%%%%%%%%%%%%%%%%%%%%%%%%%%%%%
%bugs

@misc{ApacheLog4jBug,
  author = {{LOG4J2-448}},
  title = {[LOG4J2-448] StringIndexOutOfBounds when using property substitution - ASF JIRA},
  howpublished  = "\url{https://issues.apache.org/jira/browse/LOG4J2-448}",
  year = {2013}
}

@misc{EclipseBug333066,
  author = {{Eclipse Bug 333066}},
  title = {Bug 333066 - StringIndexOutOfBoundsException during compilation},
  howpublished  = "\url{https://bugs.eclipse.org/bugs/show_bug.cgi?id=333066}",
  year = {2014}
}

@misc{EclipseBug432874,
  author = {{Eclipse Bug 432874}},
  title = {Bug 432874 - StringIndexOutOfBoundsException after adding project to inpath},
  howpublished  = "\url{https://bugs.eclipse.org/bugs/show_bug.cgi?id=432874}",
  year = {2014}
}

@misc{ARIES1204,
  author = {{ARIES-1204}},
  title = {[ARIES-1204] - StringIndexOutOfBounds for blueprint apps that have constructors with multiple exceptions},
  howpublished  = "\url{https://issues.apache.org/jira/browse/ARIES-1204}",
  year = {2014}
}

@misc{WW650,
  author = {{WW-650}},
  title = {[WW-650] - CoolUriServletDispatcher throws StringIndexOutOfBoundsException},
  howpublished  = "\url{https://issues.apache.org/jira/browse/WW-650}",
  year = {2005}
}

@misc{Bug432874,
  author = {{Bug 432874}},
  title = {Bug 432874 - StringIndexOutOfBoundsException after adding project to inpath},
  howpublished  = "\url{https://bugs.eclipse.org/bugs/show_bug.cgi?id=432874}",
  year = {2014}
}

@misc{PIVOT533,
  author = {{PIVOT-533}},
  title = {[PIVOT-533] - org.apache.pivot.collections.Sequence.Tree - add, get, insert, remove \& update methods do not handle empty Paths},
  howpublished  = "\url{https://issues.apache.org/jira/browse/PIVOT-533}",
  year = {2010}
}

@misc{XALANJ836,
  author = {{XALANJ-836}},
  title = {[XALANJ-836] - Exception in org.apache.xalan.xsltc.compiler.util.Util.toJavaName(String)},
  howpublished  = "\url{https://issues.apache.org/jira/browse/XALANJ-836}",
  year = {2004}
}

@misc{SOAP130,
  author = {{SOAP-130}},
  title = {[SOAP-130] - String IndexOutOfBounds in SOAPContext},
  howpublished  = "\url{https://issues.apache.org/jira/browse/SOAP-130}",
  year = {2004}
}

@misc{VFS338,
  author = {{VFS-338}},
  title = {[VFS-338] - Possible crash in extractWindowsRootPrefix method},
  howpublished  = "\url{https://issues.apache.org/jira/browse/VFS-338}",
  year = {2010}
}

@misc{SMXCOMP156,
  author = {{SMXCOMP-156}},
  title = {[SMXCOMP-1568] - StringIndexOutOfBoundsException thrown if WS-addressing values are epmty},
  howpublished  = "\url{https://issues.apache.org/jira/browse/SMXCOMP-156}",
  year = {2007}
}

@misc{COMPRESS26,
  author = {{COMPRESS-26}},
  title = {[COMPRESS26] - TarArchiveEntry(File) now crashes on file system roots},
  howpublished  = "\url{https://issues.apache.org/jira/browse/COMPRESS-26}",
  year = {2009}
}


@misc{CLI46,
  author = {{CLI-46}},
  title = {[CLI-46] - java.lang.StringIndexOutOfBoundsException},
  howpublished  = "\url{https://issues.apache.org/jira/browse/CLI-46}",
  year = {2007}
}

@misc{WICKET4387,
  author = {{WICKET-4387}},
  title = {[WICKET-4387] - StringIndexOutOfBoundsException when forwarding requests},
  howpublished  = "\url{https://issues.apache.org/jira/browse/WICKET-4387}",
  year = {2012}
}

@misc{CLI193,
  author = {{CLI193}},
  title = {[CLI-193] - StringIndexOutOfBoundsException in HelpFormatter.findWrapPos},
  howpublished  = "\url{https://issues.apache.org/jira/browse/CLI-193}",
  year = {2010}
}

@misc{TAP51770,
  author = {{TAP5-1770}},
  title = {[TAP5-1770] - PageTester causes StringIndexOutOfBoundsException for any page request path with query parameter},
  howpublished  = "\url{https://issues.apache.org/jira/browse/TAP5-1770}",
  year = {2011}
}

@misc{HTTPCLIENT150,
  author = {{HTTPCLIENT-150}},
  title = {[HTTPCLIENT-150] - StringIndexOutOfBound exception in RFC2109 cookie validate when host name contains no domain information and is short in length than the cookie domain},
  howpublished  = "\url{https://issues.apache.org/jira/browse/HTTPCLIENT-150}",
  year = {2003}
}

@misc{JUDDI292,
  author = {{JUDDI-292}},
  title = {[JUDDI-292] - <faultstring>String index out of range: 35</faultstring>},
  howpublished  = "\url{https://issues.apache.org/jira/browse/JUDDI-292}",
  year = {2011}
}

@misc{MATH198,
  author = {{MATH-198}},
  title = {[MATH-198] - java.lang.StringIndexOutOfBoundsException in ComplexFormat.parse(String source, ParsePosition pos)},
  howpublished  = "\url{https://issues.apache.org/jira/browse/MATH-198}",
  year = {2008}
}

@misc{LANG457,
  author = {{LANG-457}},
  title = {[LANG-457] - NumberUtils createNumber thows a StringIndexOutOfBoundsException when only an "l" is passed in.},
  howpublished  = "\url{https://issues.apache.org/jira/browse/LANG-457}",
  year = {2008}
}

@misc{NET442,
  author = {{NET-442}},
  title = {[NET-442] - StringIndexOutOfBoundsException: String index out of range: -1 if server respond with root is current directory},
  howpublished  = "\url{https://issues.apache.org/jira/browse/NET-442}",
  year = {2012}
}

@misc{IO179,
  author = {{IO-179}},
  title = {[IO-179] - StringIndexOutOfBounds exception on FilenameUtils.getPathNoEndSeparator},
  howpublished  = "\url{https://issues.apache.org/jira/browse/IO-179}",
  year = {2008}
}

@misc{SDK14417,
  author = {{SDK-14417}},
  title = {[SDK-14417] - StringIndexOutOfBoundsException when using a properties-File},
  howpublished  = "\url{http://bugs.adobe.com/jira/browse/SDK-14417, https://issues.apache.org/jira/browse/FLEX-13823}",
  year = {2008}
}

@misc{HAMA212,
  author = {{HAMA-212}},
  title = {[HAMA-212] - When the index is zero, BytesUtil.getRowIndex will throws the IndexOutOfBound},
  howpublished  = "\url{https://issues.apache.org/jira/browse/HAMA-212}",
  year = {2009}
}