@inproceedings{Demsky:2005:DSR:1062455.1062499,
 author = {Demsky, Brian and Rinard, Martin},
 title = {Data Structure Repair Using Goal-directed Reasoning},
 booktitle = {Proceedings of the 27th International Conference on Software Engineering},
 series = {ICSE '05},
 year = {2005},
 isbn = {1-58113-963-2},
 location = {St. Louis, MO, USA},
 pages = {176--185},
 numpages = {10},
 url = {http://doi.acm.org/10.1145/1062455.1062499},
 doi = {10.1145/1062455.1062499},
 acmid = {1062499},
 publisher = {ACM},
 address = {New York, NY, USA},
 keywords = {data structure invariants, data structure repair},
} 

